2017-12-06 13:05:06.737190	SELL	IMMU	7400
2017-12-06 13:05:07.623819	BUY	VHI	15004
2017-12-06 13:08:46.575622	SELL	VHI	15004
2017-12-06 13:08:48.654476	BUY	IMMU	7433
2017-12-06 13:10:28.086937	SELL	IMMU	7433
2017-12-06 13:10:29.720199	BUY	VHI	15151
2017-12-06 13:13:37.813778	SELL	VHI	15151
2017-12-06 13:13:38.522280	BUY	FNKO	8874
2017-12-06 13:26:46.235602	BUY	IMMU	7509
2017-12-06 13:27:15.413814	SELL	IMMU	7509
2017-12-06 13:31:38.124546	BUY	TSLA	256
2017-12-06 13:33:53.710660	SELL	TSLA	256
2017-12-06 13:33:55.119659	BUY	OSIS	1395
2017-12-06 13:35:15.456117	SELL	OSIS	1395
2017-12-06 13:35:16.594924	BUY	AVGO	310
2017-12-06 13:36:19.337944	SELL	AVGO	310
2017-12-06 13:36:56.465435	BUY	TSLA	259
2017-12-06 13:38:50.350940	SELL	TSLA	259
2017-12-06 13:38:51.956079	BUY	VRX	4785
2017-12-06 13:42:03.785227	SELL	VRX	4785
2017-12-06 13:42:05.066134	BUY	FNKO	9118
2017-12-06 13:45:13.406676	SELL	FNKO	9118
2017-12-06 13:45:14.747139	BUY	TSLA	260
2017-12-06 13:45:42.468304	SELL	TSLA	260
2017-12-06 13:45:45.280300	BUY	FNKO	9110
2017-12-06 13:45:54.755020	SELL	FNKO	9110
2017-12-06 13:45:55.781247	BUY	TSLA	259
2017-12-06 13:46:26.180751	SELL	TSLA	259
2017-12-06 13:46:28.342300	BUY	FNKO	9105
2017-12-06 13:48:06.273866	SELL	FNKO	9105
2017-12-06 13:48:06.817250	BUY	TSLA	260
2017-12-06 13:50:10.994537	SELL	TSLA	260
2017-12-06 13:50:11.914689	BUY	FNKO	9102
2017-12-06 13:50:46.604298	SELL	FNKO	9102
2017-12-06 13:50:47.584499	BUY	TSLA	260
2017-12-06 14:09:19.766213	SELL	TSLA	260
2017-12-06 14:09:20.560279	BUY	IMMU	7686
2017-12-06 14:10:33.293343	SELL	IMMU	7686
2017-12-06 14:10:34.118926	BUY	TSLA	259
2017-12-06 14:12:13.481566	SELL	TSLA	259
2017-12-06 14:12:15.297359	BUY	HMNY	10733
2017-12-06 14:13:08.209202	SELL	HMNY	10733
2017-12-06 14:13:08.739077	BUY	GPRO	10219
2017-12-06 14:15:31.696811	SELL	GPRO	10219
2017-12-06 14:15:32.254219	BUY	TSLA	259
2017-12-06 14:24:21.639758	SELL	TSLA	259
2017-12-06 14:24:22.326168	BUY	LULU	1200
2017-12-06 14:24:50.453276	SELL	LULU	1200
2017-12-06 14:24:51.192397	BUY	TSLA	259
2017-12-06 14:34:24.639583	BUY	IMMU	7880
2017-12-06 14:35:42.743708	BUY	ROKU	1885
2017-12-06 14:35:51.035698	SELL	ROKU	1885
2017-12-06 14:35:52.020503	BUY	HMNY	10849
2017-12-06 14:36:04.850158	BUY	HMNY	10623
2017-12-06 14:44:02.108488	BUY	BABA	463
2017-12-06 14:52:52.111876	BUY	HMNY	10707
2017-12-06 14:52:58.332509	SELL	HMNY	10707
2017-12-06 14:52:59.049095	BUY	AVGO	308
2017-12-06 14:53:43.945564	SELL	AVGO	308
2017-12-06 14:53:44.940463	BUY	VRA	7319
2017-12-06 14:57:03.340213	SELL	VRA	7319
2017-12-06 14:57:04.214665	BUY	MDGL	940
2017-12-07 14:43:11.377102	BUY	S	14204
2017-12-07 14:43:17.180989	SELL	S	14204
2017-12-07 14:43:18.168327	BUY	MRNS	9877
2017-12-07 14:44:37.054875	SELL	MRNS	9877
2017-12-07 14:44:38.672986	BUY	UGAZ	12153
2017-12-07 14:45:09.496314	SELL	UGAZ	12153
2017-12-07 14:45:10.196340	BUY	FB	441
2017-12-07 14:45:16.468233	SELL	FB	441
2017-12-07 14:45:17.355421	BUY	UGAZ	12153
2017-12-07 14:45:25.706647	SELL	UGAZ	12153
2017-12-07 14:45:26.354646	BUY	SLV	5313
2017-12-07 14:47:40.266626	SELL	SLV	5313
2017-12-07 14:47:42.009066	BUY	INSY	13783
2017-12-08 12:05:55.130184	BUY	VRX	4060
2017-12-08 12:07:32.588536	SELL	VRX	4060
2017-12-08 12:07:34.258590	BUY	TXMD	12571
2017-12-08 12:08:05.891217	SELL	TXMD	12571
2017-12-08 12:08:07.568825	BUY	HIMX	7449
2017-12-08 12:09:22.811070	SELL	HIMX	7449
2017-12-08 12:09:23.445848	BUY	TXMD	12606
2017-12-08 12:09:57.937841	SELL	TXMD	12606
2017-12-08 12:10:41.695340	BUY	HIMX	7461
2017-12-08 12:11:48.968183	SELL	HIMX	7461
2017-12-08 12:11:49.800930	BUY	SAGE	469
2017-12-08 12:15:58.950039	SELL	SAGE	469
2017-12-08 12:16:00.216665	BUY	HIMX	7445
2017-12-08 12:22:06.459376	SELL	HIMX	7445
2017-12-08 12:22:07.780660	BUY	CARA	5801
2017-12-08 12:27:21.044923	SELL	CARA	5801
2017-12-08 12:27:22.053700	BUY	VRX	4025
2017-12-08 12:27:33.441932	SELL	VRX	4025
2017-12-08 12:27:34.738192	BUY	CARA	5802
2017-12-08 12:41:47.803271	SELL	CARA	5802
2017-12-08 12:41:48.751405	BUY	SAGE	473
2017-12-08 12:42:31.705290	SELL	SAGE	473
2017-12-08 12:42:32.363026	BUY	CARA	5803
2017-12-08 12:42:48.599210	SELL	CARA	5803
2017-12-08 12:42:49.877511	BUY	SAGE	473
2017-12-08 12:52:02.590407	SELL	SAGE	473
2017-12-08 12:52:03.837622	BUY	TXMD	12552
2017-12-08 12:52:13.086566	SELL	TXMD	12552
2017-12-08 13:05:02.584505	BUY	GILD	1065
2017-12-08 13:05:09.961987	SELL	GILD	1065
2017-12-08 13:05:11.746481	BUY	AKTX	15392
2017-12-08 13:19:59.431390	SELL	AKTX	15392
2017-12-08 13:20:00.148085	BUY	ORCL	1586
2017-12-08 13:33:04.503450	BUY	VRX	4055
2017-12-08 13:33:26.745533	SELL	VRX	4055
2017-12-08 13:33:27.630191	BUY	SAGE	483
2017-12-08 13:40:41.714737	SELL	SAGE	483
2017-12-08 13:40:42.662851	BUY	APO	2492
2017-12-08 14:21:26.055593	BUY	VRX	4049
2017-12-08 14:21:32.102978	SELL	VRX	4049
2017-12-08 14:32:30.810114	BUY	MU	1851
2017-12-08 14:32:36.648050	SELL	MU	1851
2017-12-08 14:34:38.443581	BUY	AAPL	467
2017-12-08 14:34:54.957370	SELL	AAPL	467
2017-12-08 14:35:10.146361	BUY	DAVE	15068
2017-12-08 14:37:34.681756	SELL	DAVE	15068
2017-12-08 14:37:36.896235	BUY	GBT	4898
2017-12-08 14:40:20.911868	SELL	GBT	4898
2017-12-08 14:40:22.324669	BUY	DAVE	14898
2017-12-08 14:49:47.867143	SELL	DAVE	14898
2017-12-08 14:49:48.625175	BUY	GBT	4927
2017-12-08 14:58:22.200135	SELL	GBT	4927
2017-12-08 14:58:23.240185	BUY	DAVE	15016
